<?xml version="1.0" encoding="UTF-8"?><collection xmlns="http://www.loc.gov/MARC21/slim"><record><leader>00531nam--2200145-i-4500</leader><controlfield tag="001">000034009</controlfield><controlfield tag="002">20161230</controlfield><controlfield tag="005">20161230201039</controlfield><controlfield tag="008">060222s1000------------r-----000-0-eng-d</controlfield><datafield ind1=" " ind2=" " tag="080"><subfield code="a">621.38.049</subfield></datafield><datafield ind1=" " ind2=" " tag="245"><subfield code="a">Mos integrated circuits. theory, fabrication, design and systems applications of mos lsi. prepared by the engineering staff of american micro-systems, inc</subfield></datafield><datafield ind1=" " ind2=" " tag="260"><subfield code="a">New York, Van Nostrand Reinhold Co., 1972, Xvii + 474p</subfield></datafield><datafield ind1=" " ind2=" " tag="490"><subfield code="a">Microelectronics Series</subfield></datafield><datafield ind1=" " ind2=" " tag="700"><subfield code="a">Penney, William M.And Lau, Lillian</subfield></datafield><datafield ind1=" " ind2=" " tag="852"><subfield code="a">41408</subfield></datafield></record></collection>